<record><leader>00000cas a22000007a 4500</leader><controlfield tag="001">13519118</controlfield><controlfield tag="008">860502d18221826scuwr ne      0    0eng d</controlfield><datafield ind1=" " ind2=" " tag="010"><subfield code="a">sn 86053326 </subfield></datafield><datafield ind1=" " ind2=" " tag="040"><subfield code="a">NPX</subfield><subfield code="b">eng</subfield><subfield code="c">NPX</subfield><subfield code="d">NYS</subfield><subfield code="d">SVN</subfield><subfield code="d">FUG</subfield><subfield code="d">OCL</subfield><subfield code="d">OCLCG</subfield><subfield code="d">OCLCQ</subfield><subfield code="d">OCLCA</subfield><subfield code="d">OCLCF</subfield><subfield code="d">OCLCO</subfield></datafield><datafield ind1=" " ind2=" " tag="042"><subfield code="a">msc</subfield></datafield><datafield ind1=" " ind2=" " tag="043"><subfield code="a">n-us-sc</subfield></datafield><datafield ind1="0" ind2=" " tag="130"><subfield code="a">Southern intelligencer (Charleston, S.C.)</subfield></datafield><datafield ind1="1" ind2="0" tag="245"><subfield code="a">Southern intelligencer.</subfield></datafield><datafield ind1=" " ind2=" " tag="260"><subfield code="a">Charleston [S.C.] :</subfield><subfield code="b">Printed for the editor by Wm. Riley,</subfield><subfield code="c">1822-</subfield></datafield><datafield ind1=" " ind2=" " tag="300"><subfield code="a">v.</subfield></datafield><datafield ind1=" " ind2=" " tag="310"><subfield code="a">Weekly</subfield></datafield><datafield ind1="0" ind2=" " tag="362"><subfield code="a">Vol. 4, no. 1 (Jan. 5, 1822)-</subfield></datafield><datafield ind1="1" ind2=" " tag="362"><subfield code="a">Ceased in 1826?</subfield></datafield><datafield ind1=" " ind2="0" tag="651"><subfield code="a">Charleston (S.C.)</subfield><subfield code="v">Newspapers.</subfield></datafield><datafield ind1=" " ind2="0" tag="651"><subfield code="a">Charleston County (S.C.)</subfield><subfield code="v">Newspapers.</subfield></datafield><datafield ind1=" " ind2="7" tag="655"><subfield code="a">Newspapers.</subfield><subfield code="2">fast</subfield><subfield code="0">(OCoLC)fst01423814</subfield></datafield><datafield ind1=" " ind2="7" tag="651"><subfield code="a">South Carolina</subfield><subfield code="z">Charleston.</subfield><subfield code="2">fast</subfield><subfield code="0">(OCoLC)fst01204603</subfield></datafield><datafield ind1=" " ind2="7" tag="651"><subfield code="a">South Carolina</subfield><subfield code="z">Charleston County.</subfield><subfield code="2">fast</subfield><subfield code="0">(OCoLC)fst01210029</subfield></datafield><datafield ind1="1" ind2=" " tag="700"><subfield code="a">Riley, William,</subfield><subfield code="d">-1854.</subfield></datafield><datafield ind1=" " ind2=" " tag="752"><subfield code="a">United States</subfield><subfield code="b">South Carolina</subfield><subfield code="c">Charleston</subfield><subfield code="d">Charleston.</subfield></datafield><datafield ind1="0" ind2="0" tag="780"><subfield code="t">Southern evangelical intelligencer</subfield><subfield code="w">(DLC)sn 84026971</subfield><subfield code="w">(OCoLC)10792530</subfield></datafield></record>